<record><leader>00000cas a22000007a 4500</leader><controlfield tag="001">13544687</controlfield><controlfield tag="008">860508d18571858pauwr ne      0    0eng d</controlfield><datafield ind1=" " ind2=" " tag="010"><subfield code="a">sn 86053367 </subfield></datafield><datafield ind1=" " ind2=" " tag="040"><subfield code="a">NPX</subfield><subfield code="b">eng</subfield><subfield code="c">NPX</subfield><subfield code="d">NPH</subfield><subfield code="d">OCLCQ</subfield></datafield><datafield ind1=" " ind2=" " tag="042"><subfield code="a">msc</subfield></datafield><datafield ind1="0" ind2=" " tag="130"><subfield code="a">Advance (Carbondale, Pa.)</subfield></datafield><datafield ind1="1" ind2="4" tag="245"><subfield code="a">The advance.</subfield></datafield><datafield ind1=" " ind2=" " tag="260"><subfield code="a">Carbondale City, Pa. :</subfield><subfield code="b">[s.n.],</subfield><subfield code="c">1857-1858.</subfield></datafield><datafield ind1=" " ind2=" " tag="300"><subfield code="a">2 v. ;</subfield><subfield code="c">56 cm.</subfield></datafield><datafield ind1=" " ind2=" " tag="310"><subfield code="a">Weekly</subfield></datafield><datafield ind1="0" ind2=" " tag="362"><subfield code="a">Vol. 1, no. 1 (May 21, 1857)-v. 2, no. 16 (Sept. 18, 1858).</subfield></datafield><datafield ind1=" " ind2=" " tag="500"><subfield code="a">Publishers: R.W. Willoughby, &lt;May-Sept. 1857&gt;; Charles E. Burr and G.M. Reynolds, &lt;Oct. 1857-1858&gt;.</subfield></datafield><datafield ind1=" " ind2=" " tag="500"><subfield code="a">Editor: Charles Burr, &lt;1857&gt;; R.H. Willoughby, &lt;1857&gt;.</subfield></datafield><datafield ind1=" " ind2=" " tag="752"><subfield code="a">United States</subfield><subfield code="b">Pennsylvania</subfield><subfield code="c">Lackawanna</subfield><subfield code="d">Carbondale.</subfield></datafield><datafield ind1=" " ind2=" " tag="752"><subfield code="a">United States</subfield><subfield code="b">Pennsylvania</subfield><subfield code="c">Luzerne</subfield><subfield code="d">Carbondale.</subfield></datafield><datafield ind1="0" ind2="0" tag="780"><subfield code="t">Carbondale transcript, and Lackawanna journal</subfield><subfield code="w">(DLC)sn 86053366</subfield></datafield><datafield ind1="0" ind2="0" tag="785"><subfield code="t">Weekly advance (Carbondale, Pa.)</subfield><subfield code="w">(DLC)sn 87080451</subfield></datafield><datafield ind1="1" ind2=" " tag="029"><subfield code="a">AU@</subfield><subfield code="b">000025789620</subfield></datafield></record>